% This file was created with JabRef 2.10.
% Encoding: UTF-8

@BOOK{Livro-Fake-News,
	author={K. {Shu} and H. {Liu} and J. {Han} and L. {Getoor} and W. {Wang} and J. {Gehrke} and R. {Grossman}},
	booktitle={Detecting Fake News on Social Media},
	title={Detecting Fake News on Social Media},
	year={2019},
	volume={},
	number={},
	pages={},
	keywords={fake news;misinformation;disinformation;social computing;social media;data mining;social cyber security;machine learning},
	doi={},
	ISSN={},
	publisher={Morgan \& Claypool},
	isbn={},
	url={https://ieeexplore.ieee.org/document/8758609}
}


@BOOK{Platao,
	author={Marcos Zingano},
	booktitle={Platão \& Aristóteles},
	title={Platão \& Aristóteles},
	year={2002},
	volume={2},
	keywords={dúvida, república, filosofia},
	location={São Paulo},
	publisher={Odysseus}
	
}

@report{IBGE-internet,
	author = {Instituto Brasileiro de Geografia e Estatística},
	title = {PNAD Contínua TIC 2017: Internet chega a três em cada quatro domicílios do país},
	institution = {IBGE},
	date = {2018},
	url = {agenciadenoticias.ibge.gov.br},
	urldate = {15/10/2019}
}

@INPROCEEDINGS{Uso-abuso-midia-fake-news,
	author={S. A. {Khan} and M. H. {Alkawaz} and H. M. {Zangana}},
	booktitle={2019 IEEE International Conference on Automatic Control and Intelligent Systems (I2CACIS)},
	title={The Use and Abuse of Social Media for Spreading Fake News},
	year={2019},
	volume={},
	number={},
	pages={145-148},
	keywords={social networking (online);fake news;social media;civil society;Media;Facebook;Conferences;Intelligent systems;Twitter;Network neutrality;fake news;social media;news},
	doi={10.1109/I2CACIS.2019.8825029},
	ISSN={},
	month={June},
}

@INPROCEEDINGS{UFSC-fake-news-perigos,
	author = {Rogério Christofoletti},
	title = {Padrões de Manipulação no Jornalismo Brasileiro: Fake News e a crítica de Perseu Abramo 30 anos depois},
	institution = {UFSC},
	year = {2018},
	number = {23},
	volume = {12},
	location = {Florianópulis},
	doi = {10.11606/issn.1982-677X.rum.2018.144229},
	publisher = {Rumores},
}

@INPROCEEDINGS{Fake-eleicoes-usa,
	author = {Terry Lee},
	title = {The global rise of “fake news” and the threat to democratic elections in the USA},
	year = {2019},
	institution = {Public Administration and Policy: An Asia-Pacific Journal},
	number = {1},
	volume = {22},
	pages = {15-24},
	doi = {10.1108},
	publisher = {Emerald Publishing Limited},
}

@ARTICLE{Economia-do-fake-news,
	author={N. {Kshetri} and J. {Voas}},
	journal={IT Professional},
	title={The Economics of “Fake News”},
	year={2017},
	volume={19},
	number={6},
	pages={8-12},
	keywords={advertising;cost-benefit analysis;economics;politics;economics;fake news;false information;political consequences;social consequences;digital advertising ecosystems;cost-benefit structure;Information analysis;Economics;Social factors;Cost benefit analysis;Ecosystems;fake news;false information;economic analysis;social networks},
	doi={10.1109/MITP.2017.4241459},
	ISSN={},
	month={November},
}

@INPROCEEDINGS{origem-proliferacao-fake,
	author={S. B. {Parikh} and V. {Patil} and P. K. {Atrey}},
	booktitle={2019 IEEE Conference on Multimedia Information Processing and Retrieval (MIPR)},
	title={On the Origin, Proliferation and Tone of Fake News},
	year={2019},
	volume={},
	number={},
	pages={135-140},
	keywords={information resources;learning (artificial intelligence);natural language processing;social networking (online);consuming news;popular social media sites;fake news articles;natural language processing;machine learning models;news content;social media users;fake news detection literature;multifarious fusion models;Linguistics;Twitter;Testing;Social sciences;Natural language processing;Machine learning;Fake news;Detection;Publishing;Proliferation;Tone},
	doi={10.1109/MIPR.2019.00031},
	ISSN={},
	month={March},
}

@online{Globo-multa-haddad,
	author = {Mariana Oliveira},
	title = {TSE multa campanha de Haddad por impulsionar notícias contra Bolsonaro na internet},
	date = {28/03/2019},
}

@online{Folha-multa-haddad,
	author = {Rodrigo Borges Delfim},
	title = {TSE multa campanha de Haddad por notícias contra Bolsonaro},
	date = {28/03/2019},
}

@online{Veja-multa-haddad,
	author = {Leonardo Lellis},
	title = {TSE multa coligação de Haddad por impulsionar conteúdo contra Bolsonaro},
	date = {28/03/2019},
}

@INPROCEEDINGS{bots-na-internet,
	author={E. {Koike} and S. {Nishizaki}},
	booktitle={2013 International Conference on Information Science and Cloud Computing Companion},
	title={Software Analysis of Internet Bots Using a Model Checker},
	year={2013},
	volume={},
	number={},
	pages={242-245},
	keywords={formal verification;Internet;program diagnostics;software agents;software analysis;Internet bots;software agents;model checking;Twitter server;Twitter bot;UPPAAL model checker;Google App Engine;Twitter;Computational modeling;Model checking;Analytical models;Automata;Load modeling;Servers;software analysis;internet bot;model checking},
	doi={10.1109/ISCC-C.2013.124},
	ISSN={},
	month={Dec},
}

